
@misc{bitcoinprivacy,
title = {{Mixing Confidential Transactions: Comprehensive Transaction Privacy for Bitcoin}},
note = {on-line at: \url{http://eprint.iacr.org/2017/238.pdf}},
    author = {Tim Ruffing and Pedro Moreno-Sanchez},
    year = {2017}
}
